@article{cybenko1989approximation,
  title={Approximation by superpositions of a sigmoidal function},
  author={Cybenko, George},
  journal={Mathematics of control, signals and systems},
  volume={2},
  number={4},
  pages={303--314},
  year={1989},
  publisher={Springer}
}

@misc{saasscout,
  title={Big Data Statistics, Growth \& Facts 2020},
  author={Saas Scout Research Group},
  howpublished={\url{https://saasscout.com/statistics/big-data-statistics/}},
  note = {Accessed: 2021-05-28},
  year={2020}
}

@misc{petrov2021techjury,
  title={25+ Impressive Big Data Statistics for 2021},
  author={Christo Petrov},
  howpublished={\url{https://techjury.net/blog/big-data-statistics/}},
  note = {Accessed: 2021-05-28},
  year={2021}
}

@misc{omnicore,
  title={Facebook by the Numbers: Stats, Demographics \& Fun Facts},
  author={Salman Aslam},
  howpublished={\url{https://www.omnicoreagency.com/facebook-statistics/}},
  note = {Accessed: 2021-05-28},
  year={2021}
}

@misc{euhealthcare,
  title={Healthcare resource statistics - technical resources and medical technology },
  author={Eurostat},
  howpublished={\url{https://ec.europa.eu/eurostat/statistics-explained/index.php?title=Healthcare_resource_statistics_-_technical_resources_and_medical_technology}},
  note = {Accessed: 2021-05-28},
  year={2020}
}

@misc{facebook,
  title={Facebook Reports Second Quarter 2020 Results},
  author={Facebook},
  howpublished={\url{https://investor.fb.com/investor-news/press-release-details/2020/Facebook-Reports-Second-Quarter-2020-Results/default.aspx}},
  note = {Accessed: 2021-05-28},
  year={2021}
}

@misc{cta,
  title={Data acquisition, processing, archiving and access},
  author={cta-observatory},
  howpublished={\url{https://www.cta-observatory.org/project/technology/computing/}},
  note = {Accessed: 2021-05-28},
}

@misc{lsst,
  title={Opening a window of discovery on the dynamic universe},
  author={Vera C. Rubin Observatory},
  howpublished={\url{https://www.lsst.org/}},
  note = {Accessed: 2021-05-28},
}

@misc{colah_backprop,
  title={Calculus on Computational Graphs: Backpropagation},
  author={Christopher Olah},
  howpublished={\url{https://colah.github.io/posts/2015-08-Backprop/}},
  note = {Accessed: 2021-05-28},
}

@article{Ruder2016,
author = {Ruder, Sebastian},
eprint = {1609.04747},
issn = {0006341X},
pages = {1--14},
title = {{An overview of gradient descent optimization algorithms}},
year = {2016}
}

@inproceedings{krizhevsky2012imagenet,
author = {Krizhevsky, Alex and Sutskever, Ilya and Hinton, Geoffrey E},
booktitle = {Advances in neural information processing systems},
pages = {1097--1105},
title = {{Imagenet classification with deep convolutional neural networks}},
year = {2012}
}

@inproceedings{he2016identity,
  title={Identity mappings in deep residual networks},
  author={He, Kaiming and Zhang, Jiangyu and Ren, Shaoqing and Sun, Jian},
  booktitle={European conference on computer vision},
  pages={630--645},
  year={2016},
  organization={Springer}
}

@inproceedings{he2016deep,
author = {He, Kaiming and Zhang, Xiangyu and Ren, Shaoqing and Sun, Jian},
booktitle = {Proceedings of the IEEE conference on computer vision and pattern recognition},
file = {:home/mikael/.local/share/data/Mendeley Ltd./Mendeley Desktop/Downloaded/He et al. - 2016 - Deep residual learning for image recognition.pdf:pdf},
pages = {770--778},
title = {{Deep residual learning for image recognition}},
year = {2016}
}

@inproceedings{Simonyan2014vgg,
  author    = {Karen Simonyan and
               Andrew Zisserman},
  editor    = {Yoshua Bengio and
               Yann LeCun},
  title     = {Very Deep Convolutional Networks for Large-Scale Image Recognition},
  booktitle = {3rd International Conference on Learning Representations, {ICLR} 2015,
               San Diego, CA, USA, May 7-9, 2015, Conference Track Proceedings},
  year      = {2015},
  url       = {http://arxiv.org/abs/1409.1556},
  timestamp = {Wed, 17 Jul 2019 10:40:54 +0200},
  biburl    = {https://dblp.org/rec/journals/corr/SimonyanZ14a.bib},
  bibsource = {dblp computer science bibliography, https://dblp.org}
}

@InProceedings{Szegedy_2016_CVPR_rethinking,
author = {Szegedy, Christian and Vanhoucke, Vincent and Ioffe, Sergey and Shlens, Jon and Wojna, Zbigniew},
title = {Rethinking the Inception Architecture for Computer Vision},
booktitle = {The IEEE Conference on Computer Vision and Pattern Recognition (CVPR)},
month = {June},
year = {2016}
}

@article{szegedy2015going,
archivePrefix = {arXiv},
arxivId = {1409.4842},
author = {Szegedy, Christian and Liu, Wei and Jia, Yangqing and Sermanet, Pierre and Reed, Scott and Anguelov, Dragomir and Erhan, Dumitru and Vanhoucke, Vincent and Rabinovich, Andrew and Hill, Chapel and Arbor, Ann},
doi = {10.1109/CVPR.2015.7298594},
eprint = {1409.4842},
isbn = {9781467369640},
issn = {10636919},
journal = {Proceedings of the IEEE conference on computer vision and pattern recognition},
pages = {1--9},
pmid = {24920543},
title = {{Going Deeper with Convolutions}},
year = {2015}
}

@inproceedings{vaswani2017attention,
  title={Attention is all you need},
  author={Vaswani, Ashish and Shazeer, Noam and Parmar, Niki and Uszkoreit, Jakob and Jones, Llion and Gomez, Aidan N and Kaiser, {\L}ukasz and Polosukhin, Illia},
  booktitle={Advances in neural information processing systems},
  pages={5998--6008},
  year={2017}
}

@inproceedings{devlin2019bert,
  title={BERT: Pre-training of Deep Bidirectional Transformers for Language Understanding},
  author={Devlin, Jacob and Chang, Ming-Wei and Lee, Kenton and Toutanova, Kristina},
  booktitle={Proceedings of the 2019 Conference of the North American Chapter of the Association for Computational Linguistics: Human Language Technologies, Volume 1 (Long and Short Papers)},
  pages={4171--4186},
  year={2019}
}

@inproceedings{hu2018squeeze,
  title={Squeeze-and-excitation networks},
  author={Hu, Jie and Shen, Li and Sun, Gang},
  booktitle={Proceedings of the IEEE conference on computer vision and pattern recognition},
  pages={7132--7141},
  year={2018}
}

@article{sun2020saunet,
  title={SAUNet: Shape Attentive U-Net for Interpretable Medical Image Segmentation},
  author={Sun, Jesse and Darbeha, Fatemeh and Zaidi, Mark and Wang, Bo},
  journal={arXiv preprint arXiv:2001.07645},
  year={2020}
}

@article{xie2020explainable,
  title={Explainable deep learning: A field guide for the uninitiated},
  author={Xie, Ning and Ras, Gabrielle and van Gerven, Marcel and Doran, Derek},
  journal={arXiv preprint arXiv:2004.14545},
  year={2020}
}

@article{strubell2019energy,
  title={Energy and policy considerations for deep learning in NLP},
  author={Strubell, Emma and Ganesh, Ananya and McCallum, Andrew},
  journal={arXiv preprint arXiv:1906.02243},
  year={2019}
}

@inproceedings{selvaraju2017grad,
  title={Grad-cam: Visual explanations from deep networks via gradient-based localization},
  author={Selvaraju, Ramprasaath R and Cogswell, Michael and Das, Abhishek and Vedantam, Ramakrishna and Parikh, Devi and Batra, Dhruv},
  booktitle={Proceedings of the IEEE international conference on computer vision},
  pages={618--626},
  year={2017}
}